@article{liuWang2013:agentTypesHLPE,
  title={Reasoning about agent types and the hardest logic puzzle ever},
  author={Liu, Fenrong and Wang, Yanjing},
  journal={Minds and Machines},
  volume={23},
  number={1},
  pages={123--161},
  publisher={Springer},
  year = 2013,
  doi = {10.1007/s11023-012-9287-x},
  url = {http://dx.doi.org/10.1007/s11023-012-9287-x},
}

@book{Knuth11CombAlg,
  author = "Knuth, Donald E.",
  publisher = "Addison-Wesley Professional",
  title = "{The Art of Computer Programming. Combinatorial Algorithms, Part 1}",
  volume = "4A",
  year = 2011
}


@book{burrisCourseUniversalAlgebra2012,
  title = {A {{Course}} in Universal Algebra: The Millenium Edition},
  shorttitle = {A {{Course}} in Universal Algebra},
  year = {2012},
  publisher = {{S. Burris and H.P. Sankappanavar}},
  address = {Ontario},
  collaborator = {Burris, Stanley},
  isbn = {978-0-9880552-0-9},
  langid = {english},
  annotation = {OCLC: 994848166}
}

@book{daveyIntroductionLatticesOrder2010,
  title = {Introduction to Lattices and Order},
  author = {Davey, B. A. and Priestley, Hilary A. and Davey, B. A.},
  year = {2010},
  edition = {2. ed., 5. printing},
  publisher = {Cambridge Univ. Press},
  address = {Cambridge},
  isbn = {978-0-521-78451-1},
  langid = {english}
}

@book{johnstoneStoneSpaces1992,
  title = {Stone Spaces},
  author = {Johnstone, Peter},
  year = {1992},
  series = {Cambridge Studies in Advanced Mathematics},
  edition = {Paperback ed., repr},
  number = {3},
  publisher = {Cambridge Univ. Press},
  address = {Cambridge},
  isbn = {978-0-521-33779-3 978-0-521-23893-9},
  langid = {english}
}

@book{kelleyGeneralTopology2007,
  title = {General Topology},
  author = {Kelley, John L.},
  year = {2007},
  publisher = {Ishi Press International},
  address = {New York},
  abstract = {This book gives a systematic exposition of the part of general topology which has proven useful in several branches of mathematics and is intended especially as a background for modern analysis},
  isbn = {978-0-923891-55-8},
  langid = {english},
  annotation = {OCLC: 419264475}
}

@book{munkresTopology2000,
  title = {Topology},
  author = {Munkres, James R.},
  year = {2000},
  edition = {2nd ed},
  publisher = {Prentice Hall, Inc},
  address = {Upper Saddle River, NJ},
  isbn = {978-0-13-181629-9},
  lccn = {QA611 .M82 2000},
  keywords = {Topology}
}

@misc{quinnalvarezTopomodels2025,
  title = {Topomodels},
  author = {Quinn Alvarez, David and Skaisgiris, Paulius},
  year = {2025},
  month = mar,
  journal = {GitLab},
  urldate = {2025-03-28},
  abstract = {GitLab.com},
  howpublished = {https://gitlab.com/dqalvarez/topomodels},
  langid = {english},
  file = {C\:\\Users\\marco\\Desktop\\Uni Stuff\\Zotero Files\\report.pdf;C\:\\Users\\Marco\\Zotero\\storage\\2SNKNVTY\\topomodels.html}
}

